
@article{shellock1985warming,
  title={Warming-up and stretching for improved physical performance and prevention of sports-related injuries},
  author={Shellock, Frank G and Prentice, William E},
  journal={Sports Medicine},
  volume={2},
  number={4},
  pages={267--278},
  year={1985},
  publisher={Springer}
}
@article{bishop2003warm1,
  title={Warm up I},
  author={Bishop, David},
  journal={Sports medicine},
  volume={33},
  number={6},
  pages={439--454},
  year={2003},
  publisher={Springer}
}
@article{bishop2003warm2,
  title={Warm up II},
  author={Bishop, David},
  journal={Sports Medicine},
  volume={33},
  number={7},
  pages={483--498},
  year={2003},
  publisher={Springer}
}

@article{woods2007warm,
  title={Warm-up and stretching in the prevention of muscular injury},
  author={Woods, Krista and Bishop, Phillip and Jones, Eric},
  journal={Sports Medicine},
  volume={37},
  number={12},
  pages={1089--1099},
  year={2007},
  publisher={Springer}
}

@incollection{karvonen1992importance,
  title={Importance of warm-up and cool down on exercise performance},
  author={Karvonen, Juha},
  booktitle={Medicine in Sports Training and Coaching},
  pages={189--214},
  year={1992},
  publisher={Karger Publishers}
}

@article{safran1989warm,
  title={Warm-up and muscular injury prevention an update},
  author={Safran, Marc R and Seaber, Mr Anthony V and Garrett Jr, William E},
  journal={Sports Medicine},
  volume={8},
  number={4},
  pages={239--249},
  year={1989},
  publisher={Springer}
}

@article{van1993prevention,
  title={Prevention of running injuries by warm-up, cool-down, and stretching exercises},
  author={Van Mechelen, Willem and Hlobil, Hynek and Kemper, Han CG and Voorn, Wim J and de Jongh, H Rob and others},
  journal={The American Journal of Sports Medicine},
  volume={21},
  number={5},
  pages={711--719},
  year={1993},
  publisher={American Orthopaedic Society for Sports Medicine}
}
@article{knudson2008warm,
  title={Warm-up and flexibility},
  author={Knudson, DUANE V},
  journal={Chandler TJ, Brown LE. Conditioning for Strength and Human Performance. Philadelphia, PA: Lippincott-Williams \& Wilkins},
  year={2008}
}

@article{ladwig2013psychological,
  title={The Psychological Effects of a Pre-workout Warm-up: An Exploratory Study},
  author={Ladwig, Matthew A},
  journal={Journal of Multidisciplinary Research},
  volume={5},
  number={3},
  pages={79},
  year={2013},
  publisher={St. Thomas University}
}
@article{hedrick1992exercise,
  title={EXERCISE PHYSIOLOGY: Physiological Responses to Warm-Up.},
  author={Hedrick, Allen},
  journal={Strength \& Conditioning Journal},
  volume={14},
  number={5},
  pages={25--27},
  year={1992},
  publisher={LWW}
}
@article{fradkin2010effects,
  title={Effects of warming-up on physical performance: a systematic review with meta-analysis},
  author={Fradkin, Andrea J and Zazryn, Tsharni R and Smoliga, James M},
  journal={The Journal of Strength \& Conditioning Research},
  volume={24},
  number={1},
  pages={140--148},
  year={2010},
  publisher={LWW}
}
@article{safran1988role,
  title={The role of warmup in muscular injury prevention},
  author={Safran, Marc R and Garrett, William E and Seaber, Anthony V and Glisson, Richard R and Ribbeck, Beth M and others},
  journal={The American journal of sports medicine},
  volume={16},
  number={2},
  pages={123--129},
  year={1988},
  publisher={American Orthopaedic Society for Sports Medicine}
}

@article{fields2007should,
  title={Should athletes stretch before exercise?},
  author={Fields, Karl B and Burnworth, Craig M and Delaney, Martha},
  journal={Chinese Journal of Sports Medicine},
  volume={26},
  number={5},
  pages={626},
  year={2007},
  publisher={CHINA SPORTS PUBLICATIONS CORPORATION}
}

@book{burke2016gamify,
  title={Gamify: How gamification motivates people to do extraordinary things},
  author={Burke, Biran},
  year={2016},
  publisher={Routledge}
}

@inproceedings{deterding2011game,
  title={From game design elements to gamefulness: defining gamification},
  author={Deterding, Sebastian and Dixon, Dan and Khaled, Rilla and Nacke, Lennart},
  booktitle={Proceedings of the 15th international academic MindTrek conference: Envisioning future media environments},
  pages={9--15},
  year={2011},
  organization={ACM}
}

@inproceedings{muntean2011raising,
  title={Raising engagement in e-learning through gamification},
  author={Muntean, Cristina Ioana},
  booktitle={Proc. 6th International Conference on Virtual Learning ICVL},
  pages={323--329},
  year={2011}
}

@misc{toGamify,
  title = {{Gamify} definition},
  howpublished = {\url{https://badgeville.com/wiki/Gamify}},
  note = {Accessed: 2017-01-20}
}

@book{salen2004rules,
  title={Rules of play: Game design fundamentals},
  author={Salen, Katie and Zimmerman, Eric},
  year={2004},
  publisher={MIT press}
}

@misc{gamDesElem,
  title = {{Game design elements} definition},
  howpublished = {\url{https://en.wikipedia.org/wiki/Game_design#Design_elements}},
  note = {Accessed: 2017-01-20}
}
@article{schobel2016agony,
  title={The Agony of Choice--Analyzing User Preferences regarding Gamification Elements in Learning Management Systems},
  author={Sch{\"o}bel, Sofia and S{\"o}llner, Matthias and Leimeister, Jan Marco},
  year={2016}
}

@inproceedings{deterding2011situated,
  title={Situated motivational affordances of game elements: A conceptual model},
  author={Deterding, Sebastian},
  booktitle={Gamification: Using game design elements in non-gaming contexts, a workshop at CHI},
  year={2011}
}